<?xml version="1.0" encoding="UTF-8"?><record xmlns="http://www.loc.gov/MARC21/slim" xmlns:cinclude="http://apache.org/cocoon/include/1.0" xmlns:zs="http://www.loc.gov/zing/srw/">
  <leader>00470cz  a2200157n  4500</leader>
  <controlfield tag="001">nb 98016259 </controlfield>
  <controlfield tag="003">DLC</controlfield>
  <controlfield tag="005">20130313095859.0</controlfield>
  <controlfield tag="008">980212n| azannaab           |a aaa     c</controlfield>
  <datafield tag="010" ind1=" " ind2=" ">
    <subfield code="a">nb 98016259 </subfield>
  </datafield>
  <datafield tag="040" ind1=" " ind2=" ">
    <subfield code="a">Uk</subfield>
    <subfield code="b">eng</subfield>
    <subfield code="e">rda</subfield>
    <subfield code="c">Uk</subfield>
    <subfield code="d">DLC</subfield>
  </datafield>
  <datafield tag="046" ind1=" " ind2=" ">
    <subfield code="f">1743</subfield>
  </datafield>
  <datafield tag="100" ind1="1" ind2=" ">
    <subfield code="a">Hervier, Charles,</subfield>
    <subfield code="d">1743-</subfield>
  </datafield>
  <datafield tag="400" ind1="1" ind2=" ">
    <subfield code="w">nnea</subfield>
    <subfield code="a">Hervier, Charles,</subfield>
    <subfield code="d">b. 1743</subfield>
  </datafield>
  <datafield tag="670" ind1=" " ind2=" ">
    <subfield code="a">Discours sur la ReĚvolution francĚ§aise, 1791:</subfield>
    <subfield code="b">t.p. (M. Charles Hervier)</subfield>
  </datafield>
  <datafield tag="670" ind1=" " ind2=" ">
    <subfield code="a">BL RS&amp;CD, 12 Feb. 1998</subfield>
    <subfield code="b">(born 1743)</subfield>
  </datafield>
</record>